@article{rebollo2011memoria,
  title={La memoria},
  author={Rebollo Pedruelo, Miguel},
  year={2011}
}

@book{stallings2006organizacion,
  title={Organizaci{\'o}n y arquitectura de computadores},
  author={Stallings, William and Vargas, Antonio Ca{\~n}as and Espinosa, Alberto Prieto},
  volume={5},
  year={2006},
  publisher={Prentice Hall}
}
@online{youbioit.com,
  title={Como funciona la memoria de una computadora},
  author={Salazar, Augusto},
  url={http://www.youbioit.com/es/article/shared-information/8714/como-funciona-la- memoria-de-una-computadora}
}